<record><leader>00000cas a22000007a 4500</leader><controlfield tag="001">24769417</controlfield><controlfield tag="008">911112c19919999mouwr ne      0   a0eng c</controlfield><datafield ind1=" " ind2=" " tag="010"><subfield code="a">sn 91061191 </subfield></datafield><datafield ind1=" " ind2=" " tag="040"><subfield code="a">MQN</subfield><subfield code="b">eng</subfield><subfield code="c">MQN</subfield><subfield code="d">NSD</subfield><subfield code="d">MQN</subfield><subfield code="d">OCLCQ</subfield><subfield code="d">OCLCF</subfield><subfield code="d">OCLCO</subfield></datafield><datafield ind1=" " ind2=" " tag="012"><subfield code="m">0</subfield></datafield><datafield ind1="1" ind2=" " tag="022"><subfield code="a">1076-7304</subfield><subfield code="l">1076-7304</subfield><subfield code="2">1</subfield></datafield><datafield ind1="1" ind2=" " tag="029"><subfield code="a">AU@</subfield><subfield code="b">000025898551</subfield></datafield><datafield ind1=" " ind2=" " tag="037"><subfield code="b">Hometown Journal, 256 W. Main Kahoka, MO 63445-1661</subfield></datafield><datafield ind1=" " ind2=" " tag="042"><subfield code="a">nsdp</subfield><subfield code="a">pcc</subfield></datafield><datafield ind1=" " ind2="0" tag="222"><subfield code="a">Hometown journal</subfield></datafield><datafield ind1="0" ind2="0" tag="245"><subfield code="a">Hometown journal.</subfield></datafield><datafield ind1=" " ind2=" " tag="260"><subfield code="a">Kahoka, Mo. :</subfield><subfield code="b">Joe and Lisa Roberts,</subfield><subfield code="c">1991-</subfield></datafield><datafield ind1=" " ind2=" " tag="300"><subfield code="a">v.</subfield></datafield><datafield ind1=" " ind2=" " tag="310"><subfield code="a">Weekly</subfield></datafield><datafield ind1="0" ind2=" " tag="362"><subfield code="a">Vol. 1, no. 1 (Apr. 30, 1991)-</subfield></datafield><datafield ind1=" " ind2="0" tag="651"><subfield code="a">Kahoka (Mo.)</subfield><subfield code="v">Newspapers.</subfield></datafield><datafield ind1=" " ind2="7" tag="655"><subfield code="a">Newspapers.</subfield><subfield code="2">fast</subfield><subfield code="0">(OCoLC)fst01423814</subfield></datafield><datafield ind1=" " ind2="7" tag="651"><subfield code="a">Missouri</subfield><subfield code="z">Kahoka.</subfield><subfield code="2">fast</subfield><subfield code="0">(OCoLC)fst01880484</subfield></datafield><datafield ind1=" " ind2=" " tag="752"><subfield code="a">United States</subfield><subfield code="b">Missouri</subfield><subfield code="c">Clark</subfield><subfield code="d">Kahoka.</subfield></datafield></record>